<record xmlns="http://www.loc.gov/MARC21/slim" xmlns:xsi="http://www.w3.org/2001/XMLSchema-instance" xsi:schemaLocation="http://www.loc.gov/MARC21/slim http://www.loc.gov/standards/marcxml/schema/MARC21slim.xsd"><leader>00037nz   2200037n  4500</leader><controlfield tag="001">DNB|102400601</controlfield><controlfield tag="003">DNB</controlfield><controlfield tag="005">19960808164413.0</controlfield><controlfield tag="008">930416|||az|nnaa|||||||||||| a|aaa|||| d</controlfield><datafield ind1="7" ind2=" " tag="016"><subfield code="a">102400601</subfield><subfield code="2">GyFmDB</subfield></datafield><datafield ind1=" " ind2=" " tag="040"><subfield code="a">0000</subfield><subfield code="b">ger</subfield><subfield code="d">9999</subfield><subfield code="f">RAK-PND</subfield></datafield><datafield ind1="1" ind2=" " tag="045"><subfield code="b">d3. Jh. v. Chr.</subfield></datafield><datafield ind1="0" ind2=" " tag="100"><subfield code="a">Nicomachus,</subfield><subfield code="c">Alexandrinus</subfield><subfield code="d">3. Jh. v. Chr.</subfield></datafield><datafield ind1="0" ind2=" " tag="400"><subfield code="a">Nicomachus,</subfield><subfield code="c">Tragicus</subfield><subfield code="d">3. Jh. v. Chr.</subfield></datafield><datafield ind1="0" ind2=" " tag="400"><subfield code="a">Nicomachus,</subfield><subfield code="c">Troadis</subfield><subfield code="d">3. Jh. v. Chr.</subfield></datafield><datafield ind1="0" ind2=" " tag="400"><subfield code="a">Nikomachos,</subfield><subfield code="c">von Alexandreia</subfield><subfield code="d">3. Jh. v. Chr.</subfield></datafield><datafield ind1="0" ind2=" " tag="400"><subfield code="a">Nikomachos,</subfield><subfield code="c">Tragiker</subfield><subfield code="d">3. Jh. v. Chr.</subfield></datafield><datafield ind1=" " ind2=" " tag="678"><subfield code="a">Zuweisung einzelner Titel an Nicomachus &lt;Alexandrinus&gt; oder Nicomachus &lt;Atheniensis&gt; umstritten; TrGF 1,285-287 (Nr. 127)</subfield></datafield></record>